%%%% REFERÊNCIAS
%%
%% Conjunto padronizado de elementos descritivos retirados de um documento, que permite sua identificação individual.
%%
%% Adicione neste arquivo as suas referências no formato BibTeX, conforme exemplos apresentados no arquivo
%% "exemplos-referencias.bib".

@MISC{site:arduino,
  TITLE        = {Arduino},
  YEAR         = {2021},
  URL          = {http://www.arduino.cc}
}

@MISC{site:vscode,
  ORGANIZATION = {Microsoft},
  TITLE        = {Visual Studio Code},
  YEAR         = {2021},
  URL          = {https://code.visualstudio.com/}
}

@MISC{site:imagem_lcd_com_i2c,
  AUTHOR       = {vladcontrol},
  TITLE        = {Imagem ilustrativa Display LCD 16x2 com módulo I2C},
  MONTH        = dec,
  YEAR         = {2021},
  URL          = {http://www.vladcontrol.com.br/arduino-basico/display-lcd-16x2-i2c/}
}

@MISC{site:imagem_matriz_led_8x8,
  AUTHOR       = {vladcontrol},
  TITLE        = {Imagem ilustrativa Matriz de LED 8x8 com módulo MAX7219},
  MONTH        = dec,
  YEAR         = {2021},
  URL          = {http://www.vladcontrol.com.br/arduino-basico/matriz-de-leds-8x8-max7219/}
}

@MISC{site:imagem_modulo_joystick,
  AUTHOR       = {arduinomodules},
  TITLE        = {Imagem ilustrativa módulo Joystick HW-504},
  MONTH        = dec,
  YEAR         = {2021},
  URL          = {https://arduinomodules.info/ky-023-joystick-dual-axis-module/}
}

@MISC{site:star_uml,
  AUTHOR       = {MKLabs},
  TITLE        = {StarUML},
  MONTH        = dec,
  YEAR         = {2021},
  URL          = {https://staruml.io}
}

@MISC{site:matriz,
  AUTHOR       = {majicDesigns},
  TITLE        = {MD\_MAX72XX},
  MONTH        = dec,
  YEAR         = {2021},
  URL          = {https://www.arduino.cc/reference/en/libraries/md_max72xx/}
}

@MISC{site:display,
  AUTHOR       = {Frank de Brabander},
  TITLE        = {LiquidCrystal I2C},
  MONTH        = dec,
  YEAR         = {2021},
  URL          = {https://www.arduino.cc/reference/en/libraries/liquidcrystal-i2c/}
}

@MISC{site:lib_arxcontainer,
  AUTHOR       = {hideakitai},
  TITLE        = {ArxContainer},
  MONTH        = dec,
  YEAR         = {2021},
  URL          = {https://github.com/hideakitai/ArxContainer}
}

@MISC{site:kicad,
  AUTHOR       = {Jean-Pierre Charras},
  TITLE        = {KiCad},
  MONTH        = may,
  YEAR         = {2007},
  URL          = {https://www.kicad.org/}
}

@MISC{site:easyeda,
  TITLE        = {EasyEDA},
  MONTH        = dec,
  YEAR         = {2021},
  URL          = {https://easyeda.com/}
}

@MISC{video:confeccao_pcb,
  AUTHOR       = {FunBots},
  TITLE        = {Como fazer uma PCB},
  MONTH        = dec,
  YEAR         = {2021},
  URL          = {https://www.youtube.com/watch?v=9YGTZ671VJA&t=902s}
}

@MISC{video:apresentacao,
  AUTHOR       = {AUTORES},
  TITLE        = {Mini Arcade: Road Figther},
  MONTH        = dec,
  YEAR         = {2021},
  URL          = {https://www.youtube.com/watch?v=0IKiE1BGYCA}
}